@article{fleischer2017discovering,
  title={Discovering Spotify-A thematic introduction},
  author={Fleischer, Rasmus and Snickars, Pelle},
  journal={Culture Unbound},
  volume={9},
  number={2},
  pages={130--145},
  year={2017}
}

@inproceedings{de2022evaluating,
  title={Evaluating user experience in music discovery on deezer and spotify},
  author={de Assun{\c{c}}{\~a}o, Willian Garcias and Zaina, Luciana Aparecida Martinez},
  booktitle={Proceedings of the 21st Brazilian Symposium on Human Factors in Computing Systems},
  pages={1--11},
  year={2022}
}

@inproceedings{pinter2020p4kxspotify,
  title={P4kxspotify: A dataset of pitchfork music reviews and spotify musical features},
  author={Pinter, Anthony T and Paul, Jacob M and Smith, Jessie and Brubaker, Jed R},
  booktitle={Proceedings of the International AAAI Conference on Web and Social Media},
  volume={14},
  pages={895--902},
  year={2020}
}

@misc{jones2022competing,
  title={Competing sounds? Podcasting and popular music},
  author={Jones, Ellis and Morris, Jeremy},
  journal={Radio Journal: International Studies in Broadcast \& Audio Media},
  volume={20},
  number={1},
  pages={3--15},
  year={2022},
  publisher={Intellect}
}

@article{de2023heteromasculinity,
  title={Heteromasculinity and queer reappropriation in music streaming practices exploring homonegative curation by ordinary Spotify users},
  author={De Smet, Ben and Dhaenens, Frederik},
  journal={Feminist Media Studies},
  pages={1--18},
  year={2023},
  publisher={Taylor \& Francis}
}

@book{ghosh2023understanding,
  title={Understanding Machine Learning},
  author={Ghosh, Pinaki and Kiran, S and Mahalakshmi, J and Basha, SK Althaf Hussain},
  year={2023},
  publisher={AG PUBLISHING HOUSE (AGPH Books)}
}

@article{ali2017using,
  title={Using PCA and factor analysis for dimensionality reduction of bio-informatics data},
  author={Ali, M Usman and Ahmed, Shahzad and Ferzund, Javed and Mehmood, Atif and Rehman, Abbas},
  journal={arXiv preprint arXiv:1707.07189},
  year={2017}
}
@article{Schielzeth2010SimpleMT,
  title={Simple means to improve the interpretability of regression coefficients},
  author={Holger Schielzeth},
  journal={Methods in Ecology and Evolution},
  year={2010},
  volume={1},
  url={https://api.semanticscholar.org/CorpusID:92320143}
}
@inproceedings{Zhang2004TheOO,
  title={The Optimality of Naive Bayes},
  author={Harry Zhang},
  booktitle={The Florida AI Research Society},
  year={2004},
  url={https://api.semanticscholar.org/CorpusID:8891634}
}
@article{Dedja2022ExplainingRF,
  title={Explaining random forest prediction through diverse rulesets},
  author={Klest Dedja and Felipe Kenji Nakano and Konstantinos Pliakos and Celine Vens},
  journal={ArXiv},
  year={2022},
  volume={abs/2203.15511},
  url={https://api.semanticscholar.org/CorpusID:247778599}
}
@inproceedings{Hajela1992NeuralNI,
  title={Neural networks in structural analysis and design - An overview},
  author={Prabhat Hajela and Laszlo Berke},
  year={1992},
  url={https://api.semanticscholar.org/CorpusID:57129949}
}
@article{Iannella2001ASN,
  title={A spiking neural network architecture for nonlinear function approximation},
  author={Nicolangelo Iannella and Andrew D. Back},
  journal={Neural networks : the official journal of the International Neural Network Society},
  year={2001},
  volume={14 6-7},
  pages={
          933-9
        },
  url={https://api.semanticscholar.org/CorpusID:37548593}
}
@inproceedings{Wlfing2012UnsupervisedLO,
  title={Unsupervised Learning of Local Features for Music Classification},
  author={Jan W{\"u}lfing and Martin A. Riedmiller},
  booktitle={International Society for Music Information Retrieval Conference},
  year={2012},
  url={https://api.semanticscholar.org/CorpusID:8320793}
}
@inproceedings{kuroko2020visualization,
  title={Visualization of Correlations between Places of Music Listening and Acoustic Features},
  author={Kuroko, Narumi and Ohya, Hayato and Itoh, Takayuki and Grossmann, Nicolas and Wu, Hsiang-Yun},
  booktitle={2020 24th International Conference Information Visualisation (IV)},
  pages={22--27},
  year={2020},
  organization={IEEE}
}

@article{ochi2021spotify,
  title={Spotify danceability and popularity analysis using sap},
  author={Ochi, Virginia and Estrada, Ricardo and Gaji, Teezal and Gadea, Wendy and Duong, Emily},
  journal={arXiv preprint arXiv:2108.02370},
  year={2021}
}

@article{al2020cluster,
  title={Cluster analysis of musical attributes for top trending songs},
  author={Al-Beitawi, Zayd and Salehan, Mohammad and Zhang, Sonya},
  year={2020}
}

@article{herremans2014dance,
  title={Dance hit song prediction},
  author={Herremans, Dorien and Martens, David and S{\"o}rensen, Kenneth},
  journal={Journal of New Music Research},
  volume={43},
  number={3},
  pages={291--302},
  year={2014},
  publisher={Taylor \& Francis}
}

@inproceedings{gulmatico2022spotipred,
  title={SpotiPred: A machine learning approach prediction of Spotify music popularity by audio features},
  author={Gulmatico, Joshua S and Susa, Julie Ann B and Malbog, Mon Arjay F and Acoba, Aimee and Nipas, Marte D and Mindoro, Jennalyn N},
  booktitle={2022 Second International Conference on Power, Control and Computing Technologies (ICPC2T)},
  pages={1--5},
  year={2022},
  organization={IEEE}
}
@article{pareek2022predicting,
  title={Predicting music popularity using machine learning algorithm and music metrics available in spotify},
  author={Pareek, Prashant and Shankar, Poorna and Pathak, Mr Pushpak and Sakariya, Ms Nidhi},
  journal={J. Dev. Econ. Manag. Res. Stud. JDMS},
  volume={9},
  pages={10--19},
  year={2022}
}
@article{kirasich2018random,
  title={Random forest vs logistic regression: binary classification for heterogeneous datasets},
  author={Kirasich, Kaitlin and Smith, Trace and Sadler, Bivin},
  journal={SMU Data Science Review},
  volume={1},
  number={3},
  pages={9},
  year={2018}
}
@article{khan2022effect,
  title={Effect of feature selection on the accuracy of music popularity classification using machine learning algorithms},
  author={Khan, Faheem and Tarimer, Ilhan and Alwageed, Hathal Salamah and Karada{\u{g}}, Buse Cennet and Fayaz, Muhammad and Abdusalomov, Akmalbek Bobomirzaevich and Cho, Young-Im},
  journal={Electronics},
  volume={11},
  number={21},
  pages={3518},
  year={2022},
  publisher={MDPI}
}
